@Book{jannach11,
author = "Dietmar Jannach and Markus Zanker and Alexander Felfernig and Gerhard Friedrich",
title = "Recommender Systems - An Introduction",
year = 2011,
publisher = "Cambridge University Press",
ISBN = 	"978-0-521-49336-9",
pages =	"I--XV, 1--335",
URL =  	"http://www.cambridge.org/de/academic/subjects/computer-science/knowledge-management-databases-and-data-mining/recommender-systems-introduction?format=HB",
}

@Article{ekstrandRK11,
  title =	"Collaborative Filtering Recommender Systems",
  author =	"Michael D. Ekstrand and John Riedl and Joseph A.
		 Konstan",
  journal =	"Foundations and Trends in Human-Computer Interaction",
  year = 	2011,
  number =	2,
  volume =	4,
  bibdate =	"2011-07-07",
  bibsource =	"DBLP,
		 http://dblp.uni-trier.de/db/journals/fthci/fthci4.html#EkstrandRK11",
  pages =	"175--243",
  URL =  	"http://dx.doi.org/10.1561/1100000009",
}

@InProceedings{herlockerKR00,
  title =	"Explaining collaborative filtering recommendations",
  author =	"Jonathan L. Herlocker and Joseph A. Konstan and John
		 Riedl",
  bibdate =	"2012-08-27",
  bibsource =	"DBLP,
		 http://dblp.uni-trier.de/db/conf/cscw/cscw2000.html#HerlockerKR00",
  booktitle =	"CSCW",
  booktitle =	"{CSCW} 2000, Proceeding on the {ACM} 2000 Conference
		 on Computer Supported Cooperative Work, Philadelphia,
		 {PA}, {USA}, December 2-6, 2000",
  publisher =	"ACM",
  year = 	2000,
  editor =	"Wendy A. Kellogg and Steve Whittaker",
  ISBN = 	"1-58113-222-0",
  pages =	"241--250",
  URL =  	"http://dl.acm.org/citation.cfm?id=358916",
}

@Book{rajaraman2012,
  title = {Mining of massive datasets},
  author = {Rajaraman, Anand and Ullman, Jeffrey David},
  year = 2012
  publisher = {Cambridge University Press},
  isbn = {9781139157926 1139157922 9781107015357 1107015359},
  biburl = {http://www.bibsonomy.org/bibtex/2bf6177355f7a58ac7d3bbc42a80a0039/schmitz},
  interhash = {6a410ead4fbf18545210ff771a590b5b},
  intrahash = {bf6177355f7a58ac7d3bbc42a80a0039},
 
  keywords = {algorithms bigdata datamining kdd},

  refid = {768383377},
  timestamp = {2012-10-22T09:18:27.000+0200},

  url = {http://www.amazon.de/Mining-Massive-Datasets-Anand-Rajaraman/dp/1107015359/ref=sr_1_1?ie=UTF8&qid=1350890245&sr=8-1},
 
}